118828154254372449107355609275991837501932184572565684341989312948467667789
1561988135742471203433455740571061159487444339084422069539906457432654421249
545013332416268376259992757452116397713208391561109849129917652011314057473
6248012960130166568051014915903320725852461671559833058030309395317596320836
3194659673780361578939410765046479940336373202355766706976837496137349857540
5973399780559842498707983827185945003438324793481910636337193249775249736769
798996221832106728484845052820301286410056676882709169893856622219724070352
1961848811644013607130284191876103612727167201715246838601665466191433757
97288748786678960464556867348599379655979552434306717820426674440279182800
5966737956491953163818867196405914404044042374036601784362202962157278141748
6253398372338667306538071448286253798004846460111385184658845042897911405876
1901928074214767980189377208987930185681609795449895714829855948329818736461
346302807320007218115448720307169794033560286264560709714702668051240992833
23866951565953388962717204949272003366872134157008250767065697377567967822657
1895827687511624951352286352985156158959450972971676769926807055169928315140
1470130252958940942720282000497383354408856895899888606331951797217777274893
134743226747591516668627749020734317306445109465064469817907532955118486529
25003118370254648817353076974509241889852944696669503483853840479847426556996
23731323881384506481086158781475065849433672732660713231224843109463812749172
118501372337903017616570900893228876744835752995443895827225395453112896977
475288844932884050258179396134797230330226727022331318964578118315651432912
5977692262645045074856139479122232532569460953197677869574830190775809356868
346502180818588564121048010867229978044677370009848543434420006570318221313
199654069122118922426418510706175566121046437668544296582353929416023998673
3195817531456108764316217454216043690389172576996757738451034032533278248401
86576931287660838832180363520667842371630003382517786119082099553327976513
7273497795171649161478503605434166455656217619823993901434454606111113524
843145054045505719946599086826074415840527135577664382587197266750956860624
21677180189703308495186728168841022848324471362521575562108345456038632705
5542689315814688898574362708336493523852178139570049375313234038717992617024
843150899053845874534433254943421137985831593114760065492646847724557389072
390832464559459663377482486545325999647687961666057973417918992743546244561
346414306562283666223142082243912035998738373555894034615910431069474656324
1470548393306779200279943310043357898871773759153350057946981133406134141956
1482496522731810286941701462501251699330194770276815638574286702557018521860
5931670100437793228269724357096671505535177680010919768643629483491403619636
5901759663947268599756423499259470867550614517242744675298279397826553200897
52758757097770784309869017369065562919954153124121799233578629660772933073
824354758392196044277619405578802703129997497222668864528595696026443021
1491750357926643743704705242170202557760725465488498934262221964232889274833
2177197403442340230978123112861260216457052913527896313613116374543408251165
205734527984280883987241518722251440661046015220883261612011201861082169357
24495700445864964821185665200303052430782490549178062944208483674421533956
136406135445779574845429860959928692300925053121501547734443522204722123009
1832558701297290302950825124564216804660067692775257342196665888386236551185
1491661961316516896932682331318835674061412678689612207702683653314436780033
390854895208686965188984265548805428161095677247054412715343202347208934416
5880508792235287228833006477361189143264274931235952644677121311247777923136
5553649740592312102061271290157893759056590800074819827125079656824686252048
200018218531698492863347067859497892725744078024138294067602210437102587149
91988294206345632562977443342538207032534875131452921364602069414027726900
5887267284258276899493391919847005316583469256405490305721864618647261496385
368859978239156639581679089781226623609251453429766459460148269471528668445
5633509504864774024040801531736386560811252679141639914006953243668357845021
6901826983250552843911050433698664815222543525117874165325313938505936
3371950086328285188437465990212455502154988514941621278463489623931515371828
346502957180416124443552740820406551618667035839887500349371613232452667201
2128868373603203040387157662018329923536499349502144900324953593654333505
1458042866241074909346352267942602919106428882787043848181348266760490449
3376888373798151466577721616843947032547410051621091309043177533488663679261
23613664285358785497547094776346975218617341464327532023854829595645546975696
12833562196024418590915937725233566702572790985444526575947132880627911988
347749797028034546143650712817032013179063042664337749471619438680728457680
3207694877687730550932396062729068631798523327654592637751991609800524816
346683346374440797334483297925999443700481827622493886942885509007135739905
1473241971261679827242703968298049135625100909448693086917812007928014009565
822937000155181713425218535854581373217821981103582013595136553736998031425
23731344754024936862928237515385154369526913112481593936057027223452368769856
3195895251845404071392571145599228402676756842122518962470791844442677726468
2126068325228040180940562552500589346857599256258325307993046212673814813
5972749339515628605821714218725597337120982085045502208590277020175035299652
370625185911806472877750006749084002587496821921648261768317199691893562625
24406496322053471291303334280041791566346764666906783245887841138105192449
453832963777972426543650435008223819005341457601059850875731172993854670033
369029827345727248325217214180753428033583203966263512614485707151872177217
5966664968549562261056686359847942896540522838046900903469083006230452044032
22184975190669221796503784330566374368182026770425803001168828348240008106061
2176957159642269972893252896552955444058603003637455268422846892396942214977
842814135876989531164696688353754620717766539773954767882912917718828271476
5903084792808330051198341600597753702910828415438943088797030899822701124893
1817075132062849886940695705385382408601273457140403608096390206570106320
5973469772293809329116961146577156987352425758211917266244231213099284234244
23541913777517868724621160695392805415527742090408732865144601184702424797236
114536288627672688281537585657402740189338165181406438430409468950000500737
1857977525750941601622631234257805209906264350200872026231829148948615441
86588023710685903269152875400602342531952631045674717869009686581977808948
97630491706842858743584352465068891575297291026272065850506982048071417972
346661043989266402089050578739053780308014908011086652641838241254597938432
21734920475734787058986445018071255808231505742796588279493355484398747921
204978011332625392581563763619619319875415035232920010168617605606389584180
5749161473530790556188093003356927566876761819942568163139397071464894516
1482910957493965680766350167348150957401261129052144766499841971681144866637
200035061736981271163132113497519649280380847667843679315423616391007490064
3300924236594773608811007026378256406300928642341705797135033054918606274561
23349044416019967105699033318168493836092480633336421574561196436216037389
3194550623215340993461031285961847413439625263362230574346778617131809636356
22991643776843900542855447665482838371198958802045241145152292999278690333
6248014346640088886352738570903192374394338333016265436246819979602274831633
1561944266768692894489193886784714743963632284335560583793122522519012443213
8525712777230768376118915615867734649205421375390105681235742295097344836
5904567293333985792335999704062709495228527710298656366656208588542717058305
1476119325684590126048921544867687011602026723577112434616446202180859649293
5766088610422934076699450095962062648704657611430491618604600961313032000
28270955460851685726995662470223426725219455290431293715043415647175537728
347739664359433089655569742323625957610163038474126864120870733271789469761
118511633947858192886152965274084159677971744650609572337436004933924308801
1385220701639921292914930556764517224166169283436820317660316984591206125684
475310871014421988025002130575973556266042460955023716292205284291342500724
23002232053282525357127048208697263322763182181506044175450735697722659652
1390622203306446328955448466546092296441056449903732524119157887522821901776
825921392091553648994199736168814047081077592078340317984148293613443825665
23521074338291742961638058798478746307370934898614450614000363645080553443536
369652358493322999381857046698798933939564060795584095609795058950948998404
1530571969421858997015401968397720426933408115958054447101197513711210561
25087953229041377982905717460044959995256632175208728962405690963649996522560
8503475639267347910317758110700898369919536448509485754630229646953677853
22976026588559969833991717801852426886811747944158889701785268010050679885
118492314117189332616909022367783350278873600258580396793356395006661754880
1837631856904223548118994855468174763014632720235501421123096563109175824413
5432105755463724372142397642122942209399201888108379874075663576722325713
390832221956680625365194443228084572588316936374716524403411588193546893121
372923462714774256496848310180347576192243032251921339903454042593382420945
206312617497237465853229294747634428424436400483333797385022908647049789453
367532233300341181068931994278422149810071124603004292728733935158463778065
346352069204548481580479957160924094216292536900384710185527026392970298433
5972281286427383452495301032641248702555709637081613567272272511238693454669
3195260883031967807160570689206580856743679356983710006624041196104025588544
6270746080221775686994507321383385096895850895684442622254793482300138193012
5932663622980311852464609924606010675591690624701274069816462557734724716353
12777865707944014854739445576908273114956714206789287563394957131854509458292
5546264589954957441405112375961251836294299406198540519612149341660862284816
7152126428453031702439013853172708503532190280381507119483315922156982273
49935887306484376782117018771074063778630389543204250293392111373326234653
367511442023434165142931056700155965264486521270117320577935756356305617012
346391779526217629944715609160787711269378026070118138980904315775515640836
5542362965240272340848833080180242722913224395555087046927887019901241540676
373279987695708040162204887810716523077407613793730488856570385659003670736
1906919732647025057646985430967257073486797638739055459852238681382814011456
821252628709887247685112602570539616043157191105892312514584410868661878797
20690345837699949768480481050421428700415163880129044937839306874321
545714211999346966933628576184411645924244103188408323779735906858268964048
86940087247250204629241141213061244713961904896809813155365517512362950964
93335451396842696970729408673865139815829783578259453094164239313871373120
113211076326218296762374929223338930514403737844237437160168846415632806980
49914920573007502820207178089852136760178930702530741543880501652758724673
118489182573036540968044271048956779764942775718744907568758120446411411725
1562004554248376705633337068926773410460294438659174001982072951515614613533
23064018885367870476125441507577982303336355506900787102322519405542776273
12801189715831353685248498789946815008425101873308821389820481985485632457988
86957024409909050687838177772596960437021854331093025342503450401086439645
134728068763916384303111805106356356193928927858388821323009907602669755652
5932743080945028186776806308478468062483851255173292185493263456376227693632
12864444213038342917227959381881600265849356155252526344934230450108979495181
23058764559395786284665889575712367003320003343409240517150068766400122164
12500881489297620818889084985729162873733593064332174190154222184454501393
29627990694750486182438970848340618030475529866456057653600563098266176820
460839721080286176756748493464015189070225237920124034775736047606431601104
97630489278982688932796215718230216261209614367214740857583578340728522573
1470376969772347725055645529220651441600401316640595230018709585262014645313
1385230557881885837649583434450336447179022969569237227702261570932767199309
28795904339498105509068604572195656871877585760176875501133742601776690385
1561944257080289876158828657121171906089004536221573718477685662766768075844
29050872938975053183253297528423304059035919102852291511946325944649086161
28087217356489169180476720711793817595887447292113519212387013857693904
28712990582247962749440714464910794489710395184383913960799178472917372993
23887884819983820200435357911763982612707915924506410488733069607912127857472
352128853058566145886961717340534001600475605082903582857241780120854741264
86588016374300140863309706143278838999187104843670169347730383018325724432
21643996680208693786902677406489005565950196456388163869099700974383287604
52591426914241199973334931294756912786783864056190224866069257510664327437
23525681172146867728342803251881671025082317983465915600790665634718413869072
465212340998349005342258688019328441342559592987451527332819718816147129165
114852311457685430111706524558397635684774915643402610280223747473266564369
91986564220030151318094353935127587571822129309751545185036339995305325789
5764777076448111298358812425040314126236404585332376780902770429840661969
1386733504554643966025583702682332471557815086661359946246808162924906368256
539226567716904855516125185071917808910681656131751946407258265645302956877
52674256690972066497421992463991721655663695922913187092332505483686514960
34096726233977075035235917087578746797814083004303324422995680877678457869
447340076667056100270133396994325269695514476452563515720365746948427009
1843627699554178103664070275320953655440804592254274907241328836667606372417
92655993913557939899664022440192224160095446626567992774421766981758973773
8506003134943574936504329929974523387683199233351480897170410285283939149
6247571571963593330980640212820163715700244989052874350597565111509501362189
12859771978143891312857435334287728508609100298273956707114351843858449424
1470375845456064299364098298762135872837351521286787702327093913472207385677
5887140378491691131506562120961346433688651169326557415748399454061662896397
49920353233273046044832145652228573499844592702174767333720431946078044420
367533285997765178169572087711339872722407038617475118697260606436367204829
28402784050138176078726529686734088677238972171043968885619700544404934109
3287287006084479154885978309865783411118319648281899440419262225312923764
550290560093087789727488891931309080666790714279840064265872528333278022913
52763872728151506472648426497927341926071359492046419431086418020197531648
3302250025973230112808877557434052623582581286418565648434545693564541026564
29790035249516304902547440623493639836383896557793534401709335370641772573
459475568910805131391661691230199392870425767170189934340825570773769978932
31494749984782793510319419518917897744455023265440691801050279068260381712
453838183438535312611879692357710575638919332176128506418889817451281580864
5966642543575519679879928155818836871867766491400754365618371481339176176896
819839669700325951297362167795417403381117935530931249002056543941941071120
22971088191196751150429729435109688387736635560243564163797443858866926644
1385650161795758996191694532779705911160816294812434584809003836693862679552
23329958538970432636594921470688468109836504606070678062289166850571751488
3214596707641974747491640337986490796666372483332359634019602750362566864
31471995784161523521308019539934869159265396656041293745646207673663815952
1915889013975923044728925338688313757369287088807061685810421404065028
1475429545333906426239671642517239425730680563866073729756056057883318619393
1470482395352730669309833212600887437263109100327908626225255602601846447361
5903058669665240582547930521320035364494752064081319074797381436528685170692
210719294131821451193509368560579770699477068545963350794490936800123843613
113168045743902309723970896310418279539797295366946743267563668934933037316
113173575275958586340469592297398816342080471632811378667017201769478410512
347655550273970175713026240727140357340010061726605843115180297316492169281
5892876868372425268794588503319208034086574719835537178812279350668433818484
367946364740911551726448241297456018743068639268581903641488016739800206801
821170219895667159064727327527271773540493405535018067339228018971772007540
13149249350796435162787035295497058519448335473248137326866424996456516881
29627911024826949473063274536237686284771437813947839365798836949515255837
113079937925087355110089294931003190432337338699105026667154888101237621773
206307372999492658415385660278987035105316079882300600036860530353973822276
28380332222239323785785701493817661930354103847663803319249241818646250705
367946339419906998497533418516711199126042928539852955553493954458194806605
6226402621603553501906851805977492828019680365219847694634047100516565110993
1789289976835401186172086752999140629067866047125139723813686355862503632
804408565923920416391137598647519023894215375176902442997075955921125956916
367843777010182813513724889452483889727287827886379276373212874518281703492
3208018321442122499592928497981508383572498437337909286209136962087371060
1470508863290321536131994210979499668503299760550686908012899734387196760336
23528774127359108247460398932870001941514938915553368857779347321485703056849
5433401582255440695720350612160677370370805565682307796279559574221033741
1561895851855641909416478994116189886726351581144769581187515768506564165841
1391333162960556719956208276932023285065276944563482498996622397122253439248
3194487436163165978940938436177276082498555402771740258837514104905292805956
460815821992510115509230480910892102034029856634304463084768151202065888272
204967119831522519367764617537428267486271044826887707184818444615901057869
544211359085054927696953808435448097271349859348112445075128572240128855297
1388417782302277011101279839285804525456351311149011550120138661343232067405
2177094099979657438088485461199541971908059360964469243576323112500553020624
819929274186270883196117000693914208356558114255852134703612137097367916804
205335782278404860183733798741214275863215019088106399991538469154686317684
844141919624065438274529570847899092902702882316534570526364193877576713284
6269265217852577489868122175374472710493820573576297312903451503815699743005
5887134616045684323725165568746952023222948951188050756839000105491577926724
49925987860332654628579424422510968372427597313597537791478926651115442653
550021242758103511594348159304982643578499604572370345939147546934553883661
5903131466661801904219638444181418381856496364253823894696099496390540145728
211077855877370712412330519183019879837665838909692672097098950712155701261
843124262942084874058922743788778189475612577526726389133334152244175585757
1563334348879913530839008164182767396248778901385005520576068207422853140736
113416749577440353606944968028499822581654434480692761605849912558827356996
5886171303175808584307978920939008962615709818086460285914610929697934283636
1809777701699943453860181622019808949386926962494209942642825088512594809296
3280049453274824878379204260996390853686379095414721960754273685820844088785
5893214887340749092083122449487843381142298097245345483955243554337954494276
2182499326312472303269936371747227828815755278776394088351177159376566800592
